3825 5325
466 920 1493 1093 eucrou1u

470 1374 473 1379 .
596 1317 665 1391 AB
675 1316 747 1403 Es,
762 1310 928 1387 benevole
942 1311 1059 1402 ledor,
1073 1317 1192 1413 magni
1206 1312 1347 1410 Nqsorr'r
1363 1311 1556 1389 maximum

613 1439 712 1514 opus.
765 1415 910 1507 Quanta
927 1409 1031 1486 suerit
1048 1416 1206 1488 melliflui
1224 1412 1326 1509 hujus
1343 1413 1431 1485 vatis
1446 1415 1558 1488 excel·

612 1515 731 1600 lentio,
758 1510 866 1608 quiam
885 1511 1009 1584 multae
1025 1508 1201 1611 variaeque
1216 1513 1327 1596 dotes,
1348 1510 1557 1607 ¹superuaeae
1599 1592 1601 1597 ,

438 1672 441 1677 .
613 1635 716 1689 neum
734 1612 781 1683 est
798 1611 921 1683 dicere.
948 1606 990 1682 In
1005 1612 1169 1685 omnibus
1185 1610 1257 1707 ejus
1273 1607 1436 1708 operibus
1451 1627 1560 1685 certat

411 1739 502 1791 cum
519 1712 709 1786 eruditione
720 1705 916 1808 politilllmi
927 1708 1056 1807 ingenii
1072 1708 1217 1784 felicitas
1232 1708 1330 1783 mira.
1357 1708 1459 1782 Licet
1477 1707 1559 1795 lime

413 1815 503 1922 plici
519 1810 754 1908 &negligenti
766 1807 863 1881 ludat
872 1802 972 1891 veni,
983 1806 1075 1882 adest
1085 1826 1201 1883 tamen
1211 1809 1466 1906 diligentissima
1479 1807 1560 1884 artie

411 1910 607 2010 elegantia:
636 1909 722 1987 adela
739 1925 778 1979 ut
795 1906 942 1979 arduum
956 1907 998 1979 stt
1012 1908 1136 1994 dicere,
1162 1911 1281 1983 utrum
1297 1927 1405 1980 artem
1424 1925 1561 2007 natura,

410 2035 461 2094 aa
475 2008 559 2093 verb
576 2027 732 2085 naturam
750 2028 803 2078 arr
822 2004 933 2100 magis
949 2006 1150 2080 excoluerit.
1200 2009 1296 2080 Tam
1323 2004 1403 2102 aptd
1430 2029 1559 2079 conve,

414 2111 520 2184 niune
536 2107 572 2178 dt
593 2105 733 2182 materia
749 2105 787 2177 dt
806 2103 911 2185 verba
926 2105 1053 2189 modis,
1080 2125 1120 2177 ut
1137 2106 1191 2176 vel
1218 2105 1361 2176 resoluta
1387 2101 1506 2199 sponte
1523 2107 1560 2176 in

414 2207 543 2284 modus
560 2203 709 2289 defluere
724 2201 888 2276 crederes.
941 2205 1012 2275 Ars
1027 2204 1188 2301 equidem
1207 2205 1244 2276 dt
1263 2203 1359 2275 labor
1377 2202 1561 2298 improbus

415 2304 565 2392 minime
590 2300 842 2384 desiderantum
871 2300 947 2382 heac
973 2320 1090 2376 tamen
1116 2301 1252 2399 placide
1278 2301 1422 2374 obducit
1452 2299 1561 2373 facilis

414 2404 547 2501 ingenii
566 2402 604 2474 δι
619 2420 752 2486 natura
769 2398 979 2496 simplicitas,
1030 2402 1143 2498 Atqui
1162 2400 1270 2475 facilis
1287 2402 1363 2474 haec
1382 2424 1468 2473 vena
1484 2400 1559 2475 lite.-

414 2504 465 2582 εἰς
493 2499 754 2582 humanioribus
785 2494 828 2569 us
850 2521 890 2569 ue
916 2498 954 2570 ὅτ
980 2499 1087 2597 usquc
1111 2500 1277 2596 expolita,
1304 2499 1426 2570 nullibi
1451 2500 1561 2594 magle

412 2599 526 2698 quim
545 2600 578 2671 in
597 2597 699 2694 ipsius
718 2523 864 2691 Episroiis
880 2597 1003 2672 elucet.
1031 2597 1335 2673 Prestantiffimum
1355 2597 1440 2671 illud
1455 2621 1557 2693 opus,
1645 2630 1647 2635 ¹

356 2736 393 2817 ᾗ]
412 2699 515 2797 quod
532 2701 597 2793 Epi
621 2699 742 2770 alarum
759 2696 934 2770 Heroidum
950 2696 1054 2771 titulo
1070 2699 1211 2794 gaudet,
1238 2698 1403 2795 quodque
1420 2703 1561 2791 imprae-

354 2877 396 2898 ,Α
416 2797 605 2880 sentiatirm
633 2794 762 2893 publici
785 2792 874 2892 jutis
902 2792 1064 2883 facimus,
1092 2792 1172 2890 jure
1202 2797 1395 2893 meritdque
1420 2795 1561 2889 reliquis

354 2893 394 2948 2.)
414 2896 495 2992 ejus
509 2896 671 2993 operibus
695 2894 848 2989 palmam
872 2895 1037 2992 praeripit.
1087 2895 1186 2967 Nihil
1218 2893 1273 2967 hic
1304 2896 1446 2988 reperies
1463 2896 1560 2990 quod

417 2995 648 3076 Sarmaticam
667 2993 858 3067 barbariem
882 2993 1056 3078 redoleat;
1091 2994 1184 3066 nulla
1204 2992 1259 3065 bic
1277 3018 1405 3066 vocum
1425 2993 1562 3064 licentia

355 3085 380 3134 ³·
418 3093 701 3189 reprehendenda
713 3092 818 3165 venit.
870 3092 1000 3188 Siquis
1017 3092 1133 3164 Ovidii
1149 3115 1266 3165 naevos
1285 3114 1401 3165 notare
1417 3093 1560 3189 satagat,

351 3193 372 3242 e·
420 3194 595 3289 nusquam
624 3192 737 3265 minbs
766 3189 870 3288 qulam
889 3192 924 3263 in
942 3189 1045 3288 ipsius
1061 3188 1223 3287 Epistolis
1247 3212 1375 3263 metam
1403 3192 1560 3286 attinget.

351 3281 367 3346 ³
419 3293 459 3370 ¹Si
489 3293 567 3387 quis
584 3312 699 3368 autem
724 3291 892 3369 maximas
906 3286 1087 3382 Nasoniani
1103 3287 1232 3385 ingenii
1249 3291 1345 3363 dotes
1362 3288 1561 3385 inspexerit,

351 3392 362 3444 ἶ
417 3391 567 3474 hasnon
587 3388 717 3484 uspiam
735 3390 847 3483 magis
862 3384 1038 3485 splendere
1053 3390 1252 3483 comperiet.
1296 3389 1405 3459 Ludit
1418 3388 1561 3482 quidem

412 3487 519 3587 jocis,
538 3489 573 3559 δι
585 3489 757 3585 elegantes
774 3486 847 3581 agit
864 3508 988 3581 nugat,
1001 3486 1198 3559 ,verecunde
1214 3486 1380 3559 tamen&
1396 3485 1562 3581 castigato

418 3585 524 3681 stylo.
573 3585 755 3675 Praeterea,
780 3582 933 3656 facetum
950 3583 1016 3656 hoc
1042 3584 1080 3655 dr
1109 3584 1257 3658 amabile
1284 3585 1420 3657 dicendi
1437 3607 1561 3681 genus,

419 3682 638 3757 subtiliffima
655 3685 692 3764 dt
708 3686 953 3759 accuratiffima
969 3684 1098 3781 ingenii
1121 3684 1207 3755 acies
1226 3683 1394 3782 nusquam
1414 3706 1481 3754 non
1500 3707 1561 3755 cx·

419 3799 548 3865 ornate
573 3784 610 3865 &
629 3782 757 3876 ubique
774 3782 856 3855 utile
870 3780 964 3853 dulci
978 3779 1141 3878 praeclard
1159 3782 1327 3853 miscetur.
1356 3779 1562 3855 [revidetur

418 3878 581 3972 illaturi
597 3900 831 3979 comparatus,
857 3900 897 3956 ut
913 3881 1010 3977 quod
1026 3880 1170 3979 quisque
1199 3883 1233 3952 in
1262 3879 1404 3976 singulis
1430 3878 1561 3951 casibus

419 3997 560 4073 optaret
578 3977 687 4075 loqui,
714 3980 886 4075 loquatur.
929 3980 1031 4078 Qus
1049 3979 1195 4051 aliorum
1215 3982 1352 4050 nomine
1365 3978 1562 4075 conscripsit

421 4080 493 4168 Epi
518 4077 595 4161 olas,
622 4076 716 4162 tanti
743 4101 823 4149 cum
853 4075 1013 4152 felicitate
1028 4076 1128 4174 aequd
1146 4100 1184 4149 ac
1201 4076 1376 4173 diligentii
1396 4079 1561 4161 exaravit,

420 4194 465 4272 ut
479 4179 599 4272 omnia
613 4177 735 4251 dixerit
752 4198 833 4272 quae
851 4175 886 4247 in
902 4174 1002 4247 finili
1021 4177 1097 4247 casu
1112 4178 1261 4270 cuipiam
1276 4175 1420 4247 dicenda
1436 4172 1561 4247 forent.

419 4274 569 4370 Singula
592 4275 691 4350 enim
718 4275 874 4358 accurate
896 4273 1059 4369 exquirit,
1086 4299 1155 4347 nun
1174 4275 1279 4347 ulium
1297 4273 1461 4369 exprimit
1480 4274 1561 4343 cha·

490 4378 492 4383 ’
1385 4372 1562 4461 inderem,
